@online{hayabusa2,
author = {National Space Science Data Centre, NASA},
title = {Hayabusa 2},
year = {2014},
url = {http://nssdc.gsfc.nasa.gov/nmc/spacecraftDisplay.do?id=2014-076A},
addendum = "[Online Access: 10-09-2015]"
}

@online{hayabusa2jaxa,
author = {Space Exploration Centre, JAXA},
title = {Hayabusa 2 Project},
year = {2011},
url = {http://b612.jspec.jaxa.jp/hayabusa2/e/hayabusa2_spacecraft_e.html},
addendum = "[Online Access: 10-09-2015]"
}

@article{ju3originspaper,
  author={Campins, H. and Julia de León and Alessandro Morbidelli and Javier Licandro and Julie Gayon-Markt and Marco
Delbo and Patrick Michel},
  title={The Origin of Asteroid 162173 (1999 JU3)},
  journal={The Astronomical Journal},
  volume={146},
  number={2},
  pages={26},
  url={http://stacks.iop.org/1538-3881/146/i=2/a=26},
  year={2013},
}

@online{marcopolor,
author = {ESA Science, ESA},
title = {Marcopolo-R},
year = {2015},
url = {http://sci.esa.int/marcopolo-r/},
addendum = "[Online Access: 11-09-2015]"
}

@online{dawnnssdc,
author = {National Space Science Data Centre, NASA},
title = {Dawn},
year = {2014},
url = {http://nssdc.gsfc.nasa.gov/nmc/spacecraftDisplay.do?id=2007-043A},
addendum = "[Online Access: 11-09-2015]"
}

@article{dawnelsevier,
title = "Dawn: A mission in development for exploration of main belt asteroids Vesta and Ceres ",
journal = "Acta Astronautica ",
volume = "58",
number = "11",
pages = "605 - 616",
year = "2006",
note = "",
issn = "0094-5765",
doi = "http://dx.doi.org/10.1016/j.actaastro.2006.01.014",
url = "http://www.sciencedirect.com/science/article/pii/S0094576506000671",
author = "Rayman, M.D. and Thomas C. Fraschetti and Carol A. Raymond and Christopher T. Russell"
}

@inproceedings{ju3traj,
  title={Landing and mobility concept for the small asteroid lander MASCOT on asteroid 1999 JU3},
  author={Dietze, C and Herrmann, F and Ku{\ss}, S and Lange, C and Scharringhausen, M and Witte, L and van Zoest, T and Yano, H},
  booktitle={61st International Astronautical Congress},
  pages={1--13},
  year={2010}
}

@article{ju3lowthrust,
title = "System design of the Hayabusa 2—Asteroid sample return mission to 1999 \{JU3\} ",
journal = "Acta Astronautica ",
volume = "91",
number = "",
pages = "356 - 362",
year = "2013",
note = "",
issn = "0094-5765",
doi = "http://dx.doi.org/10.1016/j.actaastro.2013.06.028",
url = "http://www.sciencedirect.com/science/article/pii/S009457651300218X",
author = "Tsuda, Y. and Makoto Yoshikawa and Masanao Abe and Hiroyuki Minamino and Satoru Nakazawa",
}

@inproceedings{dawninter,
  title={Orbit Transfers for Dawn’s Vesta Operations: Navigation and Mission Design Experience},
  author={Han, D.},
  booktitle={Proceedings 23 rd International Symposium on Space Flight Dynamics, Pasadena, CA, USA},
  year={2012},
  url = "http://issfd.org/ISSFD_2012/ISSFD23_IN2_4.pdf"
}

@article{vestaorbits,
  title={Low-thrust orbit transfer design for DAWN operations at VESTA},
  author={Parcher, D.W.},
  journal={Spaceflight Mechanics},
  volume={140},
  year={2011},
  publisher={Univelt, Inc., P. O. Box 28130 San Diego CA 92198-0130 United States},
  url = "http://hdl.handle.net/2014/41932"
}

@article{ceresorbits,
  title={Architecting the Dawn Ceres science plan},
  author={Polanskey, C. A. and Joy, Steven P and Raymond, Carol A and Rayman, Marc D},
  journal={Space Operations, Pasadena, CA},
  year={2014},
  url = "http://arc.aiaa.org/doi/pdf/10.2514/6.2014-1720"
}

@online{dawnblog,
author = {Rayman, M.},
title = {Dawn Journal},
year = {2014},
url = {http://dawnblog.jpl.nasa.gov/2014/02/28/dawn-journal-february-28-2014/},
addendum = "[Online Access: 13-09-2015]"
}

@online{dawnblog2,
author = {Rayman, M.},
title = {Dawn Journal},
year = {2014},
url = {http://dawnblog.jpl.nasa.gov/2014/04/30/dawn-journal-april-30-2/},
addendum = "[Online Access: 15-09-2015]"
}

@article{rosettaoldmartin,
title = "\{ROSETTA\} mission design ",
journal = "Advances in Space Research ",
volume = "19",
number = "1",
pages = "127 - 136",
year = "1997",
note = "Proceedings of the E1.1, B1.5, and C2.4 Symposia of \{COSPAR\} Scientific Commissions E, B and C ",
issn = "0273-1177",
doi = "http://dx.doi.org/10.1016/S0273-1177(96)00125-1",
url = "http://www.sciencedirect.com/science/article/pii/S0273117796001251",
author = "Hechler, M."
}

@article{rosettanewferri,
title = "Mission operations for the new Rosetta ",
journal = "Acta Astronautica ",
volume = "58",
number = "2",
pages = "105 - 111",
year = "2006",
note = "",
issn = "0094-5765",
doi = "http://dx.doi.org/10.1016/j.actaastro.2005.06.003",
url = "http://www.sciencedirect.com/science/article/pii/S0094576505002316",
author = "Paolo Ferri"
}

@inproceedings{rosettanew2012,
  title={Preparations and Strategy for Navigation during Rosetta Comet Phase},
  author={Mu{\~n}oz, P. and Budnik, Frank and Godard, Bernard and Morley, Trevor and Companys, Vicente and Herfort, Ulrich and Casas, Carlos},
  booktitle={Proceedings 23rd International Symposium on Space Flight Dynamics-23rd ISSFD, Pasadena, USA},
  year={2012},
  url = "http://issfd.org/ISSFD_2012/ISSFD23_IN2_2.pdf"
}

@article{rosettanew2007,
  title={The Rosetta mission: flying towards the origin of the solar system},
  author={Glassmeier, K-H. and Boehnhardt, Hermann and Koschny, Detlef and K{\"u}hrt, Ekkehard and Richter, Ingo},
  journal={Space Science Reviews},
  volume={128},
  number={1-4},
  pages={1--21},
  doi = "10.1007/s11214-006-9140-8",
  isbn = "1572-9672",
  year={2007},
  publisher={Springer},
  url = "http://link.springer.com/article/10.1007/s11214-006-9140-8"
}

@book{erosbook,
  title={Asteroids III},
  author={Bottke, W.F.},
  year={2002},
  publisher={University of Arizona Press}
}

@article{erosprofile,
  title={Recovery of NEAR's Mission to Eros},
  author={Dunham, D.W. and Farquhar, Robert W and McAdams, James V and Williams, Bobby G and Miller, James K and Helfrich, Clifford L and Antreasian, Peter G and Owen, William},
  journal={Acta Astronautica},
  volume={47},
  number={2},
  pages={503--512},
  year={2000},
  publisher={Elsevier},
  url = "http://www.sciencedirect.com/science/article/pii/S0094576500000898"
}

@inproceedings{erosapproach,
  title={Near Earth Asteroid Rendezvous (NEAR) Revised Eros Orbit Phase Trajectory Design},
  author={Helfrich, CE and Miller, JK and Antreasian, PG and Carranza, E and Williams, BG and Dunham, DW and Farquhar, RW and McAdams, JV},
  booktitle={AAS/AIAA Astrodynamics Specialist Conference, AAS Paper},
  pages={99--464},
  year={1999},
  url = "http://ntrs.nasa.gov/archive/nasa/casi.ntrs.nasa.gov/20000057504.pdf"
}

@inproceedings{osiris,
  title={The OSIRIS-REx Asteroid Sample Return Mission},
  author={Beshore, E. and Lauretta, Dante and Boynton, William and Shinohara, Christopher and Sutter, Brian and Everett, David and Gal-Edd, Jonathan and Mink, Ronald and Moreau, Michael and Dworkin, Jason},
  booktitle={39th COSPAR Scientific Assembly},
  volume={39},
  pages={154},
  year={2012},
  url = "http://ntrs.nasa.gov/archive/nasa/casi.ntrs.nasa.gov/20150000808.pdf"
}

@article{aida,
title = "Asteroid Impact and Deflection Assessment mission ",
journal = "Acta Astronautica ",
volume = "115",
number = "",
pages = "262 - 269",
year = "2015",
note = "",
issn = "0094-5765",
doi = "http://dx.doi.org/10.1016/j.actaastro.2015.05.021",
url = "http://www.sciencedirect.com/science/article/pii/S0094576515002040",
author = "Cheng, A.F. and J. Atchison and B. Kantsiper and A.S. Rivkin and A. Stickle and C. Reed and A. Galvez and I. Carnelli and P. Michel and S. Ulamec",
}

@inproceedings{basix,
  title={Binary asteroid in-situ explorer mission (basix): A mission concept to explore a binary near earth asteroid system},
  author={Anderson, R.C. and Scheeres, D and Chesley, S and Team, BASiX},
  booktitle={Lunar and Planetary Science Conference},
  volume={45},
  pages={1571},
  year={2014},
  url = "http://www.hou.usra.edu/meetings/lpsc2014/pdf/1571.pdf"
}

@phdthesis{sucarrat_phd,
  title={The full problem of two and three bodies: application to asteroids and binaries},
  author={Sucarrat, E.H.},
  year={2012},
  url = "http://epubs.surrey.ac.uk/797900/",
  school={University of Surrey}
}

@book{danbook,
  title={Orbital Motion in Strongly Perturbed Environments: Applications to Asteroid, Comet and Planetary Satellite Orbiters. Astronautical Engineering},
  author={Scheeres, D.J.},
  year={2012},
  publisher={Springer}
}

@book{kaulabook,
  title={Theory of satellite geodesy: applications of satellites to geodesy},
  author={Kaula, W.M.},
  year={2000},
  publisher={Courier Corporation}
}

@book{gillbook,
  title={Satellite orbits: models, methods and applications},
  author={Montenbruck, O. and Gill, E.},
  year={2005},
  publisher={Springer Science \& Business Media}
}

@article{ellipse_main,
year={2001},
issn={0923-2958},
journal={Celestial Mechanics and Dynamical Astronomy},
volume={79},
number={4},
doi={10.1023/A:1017555515763},
title={Ellipsoidal Harmonic expansions of the gravitational potential: Theory and application},
url={http://dx.doi.org/10.1023/A%3A1017555515763},
publisher={Kluwer Academic Publishers},
author="Romain, G. and  B. Jean-Pierre",
pages={235-275},
language={English}
}

@mastersthesis{ellipse_colorado,
  title={Computation of ellipsoidal gravity field harmonics for small solar system bodies},
  author={Dechambre, D.J.P.},
  journal={Electrical Engineering-Systems in The University of Michigan},
  year={2000},
  url = "http://ccar.colorado.edu/scheeres/scheeres/assets/Theses%20and%20Abstracts/dechambre_thesis.pdf"
}

@article{elliptic_integral,
  title={The gravity field due to a homogeneous triaxial ellipsoid in generalized coordinates},
  author={Panou, G.},
  journal={Studia Geophysica et Geodaetica},
  volume={58},
  number={4},
  pages={609--625},
  year={2014},
  publisher={Springer}
}

@article{mascon,
  title={Erosion and ejecta reaccretion on 243 Ida and its moon},
  author={Geissler, P.l and Petit, Jean-Marc and Durda, Daniel D and Greenberg, Richard and Bottke, William and Nolan, Michael and Moore, Jeffrey},
  journal={Icarus},
  volume={120},
  number={1},
  pages={140--157},
  year={1996},
  publisher={Elsevier}
}

@article{dan_poly,
  title={Exterior gravitation of a polyhedron derived and compared with harmonic and mascon gravitation representations of asteroid 4769 Castalia},
  author={Werner, R.A. and Scheeres, D.J.},
  journal={Celestial Mechanics and Dynamical Astronomy},
  volume={65},
  number={3},
  pages={313--344},
  year={1996},
  publisher={Springer}
}

@mastersthesis{stefaan_thesis,
  title={The ballistic deployment of asteroid landers},
  author={Van Wal, S.},
  year={2015},
  url = "http://repository.tudelft.nl/view/ir/uuid:20f07d7e-3d2d-498a-898a-e165affa6c12/"
}

@article{dan_orb_mech,
  title={Orbital Mechanics About Small Asteroids},
  author={Scheeres, D.},
  journal={Advances in Astronautical Sciences},
  volume={134},
  pages={1795-1812},
  year={2009},
  url = "http://issfd.org/ISSFD_2007/21-2.pdf"
}

@book{wakker,
  title={Fundamentals of Astrodynamics},
  author={Wakker, K.F.},
  year={2015},
  publisher={TU Delft Library},
  isbn = {9789461864192},
  url = "http://repository.tudelft.nl/view/ir/uuid%3A3fc91471-8e47-4215-af43-718740e6694e/"
}

@article{werner_poly,
  title={Mutual potential of homogeneous polyhedra},
  author={Werner, R.A. and Scheeres, D.J.},
  journal={Celestial Mechanics and Dynamical Astronomy},
  volume={91},
  number={3-4},
  pages={337--349},
  year={2005},
  publisher={Springer}
}

@article{fahn_poly,
  title={Simulation of the full two rigid body problem using polyhedral mutual potential and potential derivatives approach},
  author={Fahnestock, E.G. and Scheeres, D.J.},
  journal={Celestial Mechanics and Dynamical Astronomy},
  volume={96},
  number={3-4},
  pages={317--339},
  year={2006},
  publisher={Springer}
}

@article{macie,
year={1995},
issn={0923-2958},
journal={Celestial Mechanics and Dynamical Astronomy},
volume={63},
number={1},
doi={10.1007/BF00691912},
title={Reduction, relative equilibria and potential in the two rigid bodies problem},
url={http://dx.doi.org/10.1007/BF00691912},
publisher={Kluwer Academic Publishers},
author={Maciejewski, A.J.},
pages={1-28},
}

@phdthesis{fahn_phd,
  title={The full two-body-problem: Simulation, analysis, and application to the dynamics, characteristics, and evolution of binary asteroid systems},
  author={Fahnestock, E.G.},
  year={2009},
  publisher={ProQuest},
  url="http://deepblue.lib.umich.edu/bitstream/handle/2027.42/62378/efahnest_1.pdf?sequence=1&isAllowed=y"
}

@inproceedings{chappaz,
  title={Bounded Orbits near Binary Systems Comprised of Small Irregular Bodies},
  author={Chappaz, L. and Howell, K.},
  booktitle={AIAA/AAS Astrodynamics Specialist Conference},
  year={2014},
  url = "http://arc.aiaa.org/doi/pdf/10.2514/6.2014-4153"
}

@article{dan_tbp,
  title={Spacecraft motion about binary asteroids},
  author={Scheeres, D.J. and Augenstein, S.},
  journal={Advances in the Astronautical Sciences},
  volume={116},
  pages={1--20},
  year={2004}
}

@article{jstor,
 ISSN = {00361429},
 URL = {http://www.jstor.org/stable/2156215},
 author = { Hull, T. E. and W. H. Enright and B. M. Fellen and A. E. Sedgwick},
 journal = {SIAM Journal on Numerical Analysis},
 number = {4},
 pages = {603-637},
 publisher = {Society for Industrial and Applied Mathematics},
 title = {Comparing Numerical Methods for Ordinary Differential Equations},
 volume = {9},
 year = {1972}
}

@inproceedings{feagin,
  title={A tenth-order Runge-Kutta method with error estimate},
  author={Feagin, T},
  booktitle={Proceedings of the IAENG Conf. on Scientific Computing},
  year={2007}
}

@article{lee_lgvi,
  title={Lie group variational integrators for the full body problem},
  author={Lee, Taeyoung and Leok, Melvin and McClamroch, N Harris},
  journal={Computer Methods in Applied Mechanics and Engineering},
  volume={196},
  number={29},
  pages={2907--2924},
  year={2007},
  publisher={Elsevier}
}

@inproceedings{fahn_lgvi,
  title={Polyhedral potential and variational integrator computation of the full two body problem},
  author={Fahnestock, Eugene G and Lee, Taeyoung and Leok, Melvin and McClamroch, N Harris and Scheeres, Daniel J},
  booktitle={Proc. AIAA/AAS Astrodynamics Specialist Conf., AIAA-2006-6289},
  year={2006}
}

@article{integ_comp,
  title={Numerical integration methods for orbital motion},
  author={Montenbruck, Oliver},
  journal={Celestial Mechanics and Dynamical Astronomy},
  volume={53},
  number={1},
  pages={59--69},
  year={1992},
  publisher={Springer}
}

@misc{monteweb,
title = {Introduction To Monte Carlo Simulation},
url = "http://www.epixanalytics.com/modelassist/AtRisk/Model_Assist.htm",
note = {Accessed 1 December 2015}
}

@book{invariant,
  title={Invariant manifolds, the spatial three-body problem and space mission design},
  author={G{\'o}mez, G and Koon, WS and Lo, MW and Marsden, JE and Masdemont, J and Ross, SD},
  number={109},
  year={2001},
  publisher={American Astronautical Society}
}

@inproceedings{chappaz2015,
  title={ORBITAL PERTURBATION ANALYSIS NEAR BINARY ASTEROID SYSTEMS},
  author={Chappaz, L. and Broschart, S.B. and Lantoine, G. and Howell, K.},
  booktitle={AAS/AIAA Spaceflight Mechanics Conference, Williamsburg, VA. AAS Paper},
  pages={15--330},
  year={2015}
}

@misc{whyAsteroidsWeb,
title = {Jet Propulsion Laboratory, Why Study Asteroids?},
url = "http://ssd.jpl.nasa.gov/?why_asteroids",
note = {Accessed 1 July 2016}
}

@misc{jpl_asteroid_web,
title = {Jet Propulsion Laboratory, Solar System dynamics, Asteroids},
url = "http://ssd.jpl.nasa.gov/?asteroids",
note = {Accessed 1 July 2016}
}

@article{idaEjectaErosion,
  title={Erosion and ejecta reaccretion on 243 Ida and its moon},
  author={Geissler, Paul and Petit, Jean-Marc and Durda, Daniel D and Greenberg, Richard and Bottke, William and Nolan, Michael and Moore, Jeffrey},
  journal={Icarus},
  volume={120},
  number={1},
  pages={140--157},
  year={1996},
  publisher={Elsevier}
}

@article{multipleAsteroids,
  title={Multiple asteroid systems: Dimensions and thermal properties from Spitzer Space Telescope and ground-based observations},
  author={Marchis, F and Enriquez, JE and Emery, JP and Mueller, M and Baek, M and Pollock, J and Assafin, M and Martins, R Vieira and Berthier, J and Vachier, F and others},
  journal={Icarus},
  volume={221},
  number={2},
  pages={1130--1161},
  year={2012},
  publisher={Elsevier}
}

@article{multipleAsteroidsTerminology,
  title={Asteroid systems: binaries, triples, and pairs},
  author={Margot, Jean-Luc and Pravec, Petr and Taylor, Patrick and Carry, Beno{\i}t and Jacobson, Seth},
  journal={Asteroids IV. University Arizona Press, Tucson},
  pages={355--374},
  year={2015}
}

@phdthesis{spherical_ellipsoidal_comparison,
  title={Comparison of Ellipsoidal and Spherical Harmonics for Gravitational Field Modeling of Non-spherical Bodies},
  author={Hu, Xuanyu},
  year={2012},
  school={The Ohio State University}
}

@inproceedings{scheeres_srp_regolith,
  title={Solar radiation pressure and transient flows on asteroid surfaces},
  author={Scheeres, DJ},
  booktitle={36th Annual Lunar and Planetary Science Conference},
  volume={36},
  year={2005}
}

@misc{mu_sun,
title = {Jet Propulsion Laboratory, Solar System Dynamics, Astrodynamical Constants},
url = "http://ssd.jpl.nasa.gov/?constants",
note = {Accessed 14 July 2016}
}

@misc{mu_jupiter,
title = {NASA, Planetary Fact Sheet},
url = "http://nssdc.gsfc.nasa.gov/planetary/factsheet/jupiterfact.html",
note = {Accessed 14 July 2016}
}

@misc{eros_data,
title = {Jet Propulsion Laboratory, Solar System Dynamics, Small-Body Database Browser},
url = "http://ssd.jpl.nasa.gov/sbdb.cgi?sstr=433",
note = {Accessed 14 July 2016}
}

@article{scheeres2012orbit,
  title={Orbit mechanics about asteroids and comets},
  author={Scheeres, Daniel Jay},
  journal={Journal of Guidance, Control, and Dynamics},
  year={2012}
}

@article{tsm2011,
  title={Breaking the limits: the Taylor series method},
  author={Barrio, Roberto and Rodr{\'\i}guez, Marcos and Abad, Alberto and Blesa, Fernando},
  journal={Applied mathematics and computation},
  volume={217},
  number={20},
  pages={7940--7954},
  year={2011},
  publisher={Elsevier}
}

@article{taylorSoftware,
  title={A software package for the numerical integration of ODEs by means of high-order Taylor methods},
  author={Jorba, {\`A}ngel and Zou, Maorong},
  journal={Experimental Mathematics},
  volume={14},
  number={1},
  pages={99--117},
  year={2005},
  publisher={Taylor \& Francis}
}

@incollection{grid_monte,
title = "Chapter 3 Monte carlo methods ",
editor = "Mrinal Sen and Paul L. Stoffa",
booktitle = "Global Optimization Methods in Geophysical Inversion",
publisher = "Elsevier",
year = "1995",
volume = "4",
pages = "67 - 77",
series = "Advances in Exploration Geophysics ",
issn = "0921-9366",
doi = "http://dx.doi.org/10.1016/S0921-9366(06)80004-6"
}

@book{nlde_book,
  title={Nonlinear differential equations and dynamical systems},
  author={Verhulst, Ferdinand},
  year={2006},
  publisher={Springer Science \& Business Media}
}

@article{moore2009_invariant,
  title={Two Approaches Utilizing Invariant Manifolds To Design Trajectories For DMOC Optimization},
  author={Moore, Ashley},
  journal={Geometric Mechanics Project Archives, California Institute of Technology, Pasadena, CA},
  year={2009}
}

@article{passiveSorting,
  title={Passive sorting of asteroid material using solar radiation pressure},
  author={Garcia Yarnoz, Daniel and Sanchez Cuartielles, Joan-Pau and McInnes, Colin R},
  journal={Journal of Guidance, Control, and Dynamics},
  volume={37},
  number={4},
  pages={1223--1235},
  year={2014},
  publisher={American Institute of Aeronautics and Astronautics}
}

@article{olivineHayabusa,
  title={A Transmission Electron Microscope Investigation of Space Weathering Effects in Hayabusa Samples},
  author={Keller, Lindsay P and Berger, Eve L},
  year={2014}
}

@misc{ironAlloy,
title = {Wikipedia, Iron-Nickel Alloy},
url = "https://en.wikipedia.org/wiki/Iron%E2%80%93nickel_alloy",
note = {Accessed 30 April 2017}
}
