@misc{whyAsteroidsWeb,
author = {{Jet Propulsion Laboratory}},
shortauthor = {JPL},
title = {Why Study Asteroids?},
year={1998},
url = "http://ssd.jpl.nasa.gov/?why_asteroids",
note = {Accessed 17 November 2017}
}

@misc{jpl_asteroid_web,
author={{Jet Propulsion Laboratory}},
shortauthor={JPL},
title = {Solar System Dynamics, Asteroids},
url = "http://ssd.jpl.nasa.gov/?asteroids",
note = {Accessed 17 November 2017}
}

@misc{nasa_asteroids_web,
author={{National Aeronautics and Space Administration}},
shortauthor={NASA},
title = {Asteroids: In depth},
shorttitle = {"Asteroids: In depth"},
url = "https://solarsystem.nasa.gov/planets/asteroids/indepth",
note = {Accessed 17 November 2017},
shorthand = {NASA, "Asteroids: In depth"}
}

@misc{esa_mission2asteroids_web,
author = {European Space Agency},
shortauthor = {ESA},
title = {Missions To Asteroids},
url = "http://sci.esa.int/rosetta/54342-missions-to-asteroids/",
note = {Accessed 31 October 2017},
year = {2014}
}

@article{passiveSorting,
  title={Passive sorting of asteroid material using solar radiation pressure},
  author={Garcia-Yarnoz, Daniel and Sanchez Cuartielles, Joan-Pau and McInnes, Colin R},
  journal={Journal of Guidance, Control, and Dynamics},
  volume={37},
  number={4},
  pages={1223--1235},
  year={2014},
  publisher={American Institute of Aeronautics and Astronautics}
}

@article{olivineHayabusa,
  title={A Transmission Electron Microscope Investigation of Space Weathering Effects in Hayabusa Samples},
  author={Keller, Lindsay P and Berger, Eve L},
  year={2014}
}

@article{multipleAsteroids,
  title={Multiple asteroid systems: Dimensions and thermal properties from Spitzer Space Telescope and ground-based observations},
  author={Marchis, F and Enriquez, JE and Emery, JP and Mueller, M and Baek, M and Pollock, J and Assafin, M and Martins, R Vieira and Berthier, J and Vachier, F and others},
  journal={Icarus},
  volume={221},
  number={2},
  pages={1130--1161},
  year={2012},
  publisher={Elsevier}
}

@article{multipleAsteroidsTerminology,
  title={Asteroid systems: binaries, triples, and pairs},
  author={Margot, Jean-Luc and Pravec, Petr and Taylor, Patrick and Carry, Beno{\i}t and Jacobson, Seth},
  journal={Asteroids IV. University Arizona Press, Tucson},
  pages={355--374},
  year={2015}
}

@article{Nittler2001,
  title={X-ray fluorescence measurements of the surface elemental composition of asteroid 433 Eros},
  author={Nittler, Larry R and Starr, Richard D and Lev, Lucy and Mccoy, Timothy J and Burbine, Thomas H and Reedy, Robert C and Trombka, Jacob I and Gorenstein, Paul and Squyres, Steven W and Boynton, William V and others},
  journal={Meteoritics \& Planetary Science},
  volume={36},
  number={12},
  pages={1673--1695},
  year={2001},
  publisher={Wiley Online Library}
}

@article{McCoy2001,
  title={The composition of 433 Eros: A mineralogical—chemical synthesis},
  author={McCoy, TJ and Burbine, TH and McFadden, LA and Starr, RD and Gaffey, MJ and Nittler, LR and Evans, LG and Izenberg, N and Lucey, PG and Trombka, JI and others},
  journal={Meteoritics \& Planetary Science},
  volume={36},
  number={12},
  pages={1661--1672},
  year={2001},
  publisher={Wiley Online Library}
}

@article{Evans2001,
  title={Elemental composition from gamma-ray spectroscopy of the NEAR-Shoemaker landing site on 433 Eros},
  author={Evans, Larry G and Starr, Richard D and Br{\"u}ckner, Johannes and Reedy, Robert C and Boynton, William V and Trombka, Jacob I and Goldsten, John O and Masarik, Jozef and Nittler, Larry R and McCoy, Timothy J},
  journal={Meteoritics \& Planetary Science},
  volume={36},
  number={12},
  pages={1639--1660},
  year={2001},
  publisher={Wiley Online Library}
}

@article{Veverka2001,
  title={Imaging of small-scale features on 433 Eros from NEAR: Evidence for a complex regolith},
  author={Veverka, J and Thomas, PC and Robinson, M and Murchie, S and Chapman, C and Bell, M and Harch, A and Merline, WJ and Bell, JF and Bussey, B and others},
  journal={Science},
  volume={292},
  number={5516},
  pages={484--488},
  year={2001},
  publisher={American Association for the Advancement of Science}
}

@article{Robinson2001,
  title={The nature of ponded deposits on Eros},
  author={Robinson, MS and Thomas, PC and Veverka, J and Murchie, S and Carcich, B},
  journal={Nature},
  volume={413},
  number={6854},
  pages={396--400},
  year={2001},
  publisher={Nature Publishing Group}
}

@article{philaeMissionTimeline,
  title={Capabilities of Philae, the Rosetta lander},
  author={Biele, Jens and Ulamec, Stephan},
  journal={Space Science Reviews},
  volume={138},
  number={1},
  pages={275--289},
  year={2008},
  publisher={Springer}
}

@inproceedings{osirisMissionOverview,
  title={An overview of the OSIRIS-REx asteroid sample return mission},
  author={Lauretta, Dante S and Team, OSIRIS-Rex},
  booktitle={Lunar and Planetary Science Conference},
  volume={43},
  year={2012}
}

@inproceedings{hayabusaCloseProximity,
  title={Hayabusa (MUSES-C)--rendezvous and proximity operation},
  author={Kawaguchi, Jun’ichiro and Fujiwara, Akira and Uesugi, Tono},
  booktitle={56th International Astronautical Congress},
  year={2003}
}

@article{hayabusa2CloseProximity,
  title={System design of the Hayabusa 2—Asteroid sample return mission to 1999 JU3},
  author={Tsuda, Yuichi and Yoshikawa, Makoto and Abe, Masanao and Minamino, Hiroyuki and Nakazawa, Satoru},
  journal={Acta Astronautica},
  volume={91},
  pages={356--362},
  year={2013},
  publisher={Elsevier}
}

@book{cunningham2016discovery,
  title={The Discovery of Ceres},
  author={Cunningham, Clifford},
  booktitle={Discovery of the First Asteroid, Ceres},
  pages={25--39},
  year={2016},
  publisher={Springer}
}

@book{bottke2002asteroids,
  title={Asteroids III},
  author={Bottke, William Frederick},
  year={2002},
  publisher={University of Arizona Press}
}

@book{planetarySciencePater,
  title={Planetary sciences},
  author={De Pater, Imke and Lissauer, Jack J},
  year={2015},
  publisher={Cambridge University Press}
}

